@inproceedings{Kelley1899CriticalpathPA,
  title={Critical-path planning and scheduling},
  author={James E. Kelley and Morgan R. Walker},
  booktitle={IRE-AIEE-ACM '59 (Eastern)},
  year={1899},
  url={https://api.semanticscholar.org/CorpusID:18943034}
}